<record><leader>00000cas a22000007a 4500</leader><controlfield tag="001">14205315</controlfield><controlfield tag="008">860911c19859999wauwr ne      0   a0eng d</controlfield><datafield ind1=" " ind2=" " tag="010"><subfield code="a">sn 86002376 </subfield></datafield><datafield ind1=" " ind2=" " tag="040"><subfield code="a">NSD</subfield><subfield code="b">eng</subfield><subfield code="c">NSD</subfield><subfield code="d">SLZ</subfield><subfield code="d">OCLCQ</subfield><subfield code="d">OCLCF</subfield><subfield code="d">OCLCO</subfield><subfield code="d">DLC</subfield></datafield><datafield ind1=" " ind2=" " tag="012"><subfield code="l">1</subfield><subfield code="m">1</subfield></datafield><datafield ind1="1" ind2=" " tag="022"><subfield code="a">0890-2879</subfield><subfield code="l">0890-2879</subfield><subfield code="2">1</subfield></datafield><datafield ind1=" " ind2=" " tag="032"><subfield code="a">359580</subfield><subfield code="b">USPS</subfield></datafield><datafield ind1=" " ind2=" " tag="037"><subfield code="b">Monroe Monitor/Valley News, 113 W. Main, P.O. Box 399, Monroe, WA 98272</subfield></datafield><datafield ind1=" " ind2=" " tag="042"><subfield code="a">nsdp</subfield></datafield><datafield ind1=" " ind2=" " tag="043"><subfield code="a">n-us-wa</subfield></datafield><datafield ind1=" " ind2="0" tag="222"><subfield code="a">Monroe monitor/valley news</subfield></datafield><datafield ind1="0" ind2="0" tag="245"><subfield code="a">Monroe monitor/valley news.</subfield></datafield><datafield ind1="1" ind2=" " tag="246"><subfield code="i">&lt;2015-&gt;,</subfield><subfield code="a">Monroe monitor &amp; valley news</subfield></datafield><datafield ind1="3" ind2=" " tag="246"><subfield code="a">Monroe monitor and valley news</subfield></datafield><datafield ind1=" " ind2=" " tag="260"><subfield code="a">Monroe, WA :</subfield><subfield code="b">Voland Publications</subfield></datafield><datafield ind1=" " ind2=" " tag="310"><subfield code="a">Weekly</subfield></datafield><datafield ind1="0" ind2=" " tag="362"><subfield code="a">Vol. 95, no. 40 (Oct. 2, 1985)-</subfield></datafield><datafield ind1=" " ind2="0" tag="651"><subfield code="a">Monroe (Wash.)</subfield><subfield code="v">Newspapers.</subfield></datafield><datafield ind1=" " ind2="0" tag="651"><subfield code="a">Sultan (Wash.)</subfield><subfield code="v">Newspapers.</subfield></datafield><datafield ind1=" " ind2="0" tag="651"><subfield code="a">Skykomish (Wash.)</subfield><subfield code="v">Newspapers.</subfield></datafield><datafield ind1=" " ind2="0" tag="651"><subfield code="a">Duvall (Wash.)</subfield><subfield code="v">Newspapers.</subfield></datafield><datafield ind1=" " ind2="7" tag="651"><subfield code="a">Washington (State)</subfield><subfield code="z">Duvall.</subfield><subfield code="2">fast</subfield><subfield code="0">(OCoLC)fst01248447</subfield></datafield><datafield ind1=" " ind2="7" tag="651"><subfield code="a">Washington (State)</subfield><subfield code="z">Monroe.</subfield><subfield code="2">fast</subfield><subfield code="0">(OCoLC)fst01225806</subfield></datafield><datafield ind1=" " ind2="7" tag="651"><subfield code="a">Washington (State)</subfield><subfield code="z">Skykomish.</subfield><subfield code="2">fast</subfield><subfield code="0">(OCoLC)fst01216659</subfield></datafield><datafield ind1=" " ind2="7" tag="651"><subfield code="a">Washington (State)</subfield><subfield code="z">Sultan.</subfield><subfield code="2">fast</subfield><subfield code="0">(OCoLC)fst01239184</subfield></datafield><datafield ind1=" " ind2="7" tag="655"><subfield code="a">Newspapers.</subfield><subfield code="2">fast</subfield><subfield code="0">(OCoLC)fst01423814</subfield></datafield><datafield ind1=" " ind2=" " tag="752"><subfield code="a">United States</subfield><subfield code="b">Washington</subfield><subfield code="c">Snohomish</subfield><subfield code="d">Monroe.</subfield></datafield><datafield ind1=" " ind2=" " tag="752"><subfield code="a">United States</subfield><subfield code="b">Washington</subfield><subfield code="c">Snohomish</subfield><subfield code="d">Sultan.</subfield></datafield><datafield ind1=" " ind2=" " tag="752"><subfield code="a">United States</subfield><subfield code="b">Washington</subfield><subfield code="c">King</subfield><subfield code="d">Skykomish.</subfield></datafield><datafield ind1=" " ind2=" " tag="752"><subfield code="a">United States</subfield><subfield code="b">Washington</subfield><subfield code="c">King</subfield><subfield code="d">Duvall.</subfield></datafield><datafield ind1="1" ind2="4" tag="780"><subfield code="t">Monroe monitor (Monroe, Wash. : 1917)</subfield><subfield code="w">(DLC)sn 88085289</subfield></datafield><datafield ind1="1" ind2="4" tag="780"><subfield code="t">Valley news (Sultan, Wash.)</subfield><subfield code="w">(DLC)sn 88085290</subfield></datafield><datafield ind1="1" ind2=" " tag="029"><subfield code="a">AU@</subfield><subfield code="b">000025809572</subfield></datafield></record>